<?xml version="1.0" encoding="UTF-8"?><collection xmlns="http://www.loc.gov/MARC21/slim"><record><leader>00605nam--2200205-u-4500</leader><controlfield tag="001">000050480</controlfield><controlfield tag="002">20161230</controlfield><controlfield tag="005">20170219235056</controlfield><controlfield tag="008">070404s1000------------r-----000-0-eng-d</controlfield><datafield ind1=" " ind2=" " tag="020"><subfield code="a">9812567445</subfield></datafield><datafield ind1=" " ind2=" " tag="040"><subfield code="a">IFIN-HH</subfield></datafield><datafield ind1=" " ind2=" " tag="080"><subfield code="a">(539.14:539.12)(076.2)</subfield></datafield><datafield ind1="1" ind2=" " tag="100"><subfield code="a">Bromberg, C</subfield></datafield><datafield ind1="1" ind2="0" tag="245"><subfield code="a">Introduction to Nuclear and Particle Physics</subfield><subfield code="b">Solutions Manual for Second Edition</subfield><subfield code="c">C. Bromberg; A. Das; T. Ferbel</subfield></datafield><datafield ind1=" " ind2=" " tag="260"><subfield code="a">New Jersey</subfield><subfield code="b">World Scientific</subfield><subfield code="c">2006</subfield></datafield><datafield ind1=" " ind2=" " tag="300"><subfield code="a">172 p</subfield></datafield><datafield ind1=" " ind2="4" tag="650"><subfield code="a">Nuclear and Paricle Physics</subfield></datafield><datafield ind1="1" ind2=" " tag="700"><subfield code="a">Ferbel, T</subfield></datafield><datafield ind1=" " ind2=" " tag="852"><subfield code="a">81882</subfield><subfield code="c">539</subfield></datafield><datafield ind1=" " ind2=" " tag="CAT"><subfield code="a">SYS</subfield><subfield code="c">20170219</subfield><subfield code="h">235056</subfield></datafield></record></collection>